@incollection{Bartsch2012,
  title={Global seaweed biogeography under a changing climate: the prospected effects of temperature},
  author={Bartsch, Inka and Wiencke, Christian and Laepple, Thomas},
  booktitle={Seaweed biology},
  pages={383--406},
  year={2012},
  publisher={Springer}
}


@article{Beal2011,
	title={On the role of the Agulhas system in ocean circulation and climate},
	author={Beal, Lisa M and De Ruijter, Wilhelmus PM and Biastoch, Arne and Zahn, Rainer and Cronin, Meghan and Hermes, Juliet and Lutjeharms, Johann and Quartly, Graham and Tozuka, Tomoki and Baker-Yeboah, Sheekela and others},
	journal={Nature},
	volume={472},
	number={7344},
	pages={429},
	year={2011},
	publisher={Nature Publishing Group}
}

@article{Bolton2004,
	title={Where is the western limit of the tropical Indian Ocean seaweed flora? An analysis of intertidal seaweed biogeography on the east coast of South Africa},
	author={Bolton, JJ and Leliaert, Fr{\'e}d{\'e}rik and De Clerck, Olivier and Anderson, RJ and Stegenga, H and Engledow, HE and Coppejans, Eric},
	journal={Marine biology},
	volume={144},
	number={1},
	pages={51--59},
	year={2004},
	publisher={Springer}
}

@article{Bolton2010,
	title={The biogeography of kelps (Laminariales, Phaeophyceae): a global analysis with new insights from recent advances in molecular phylogenetics},
	author={Bolton, John J},
	journal={Helgoland Marine Research},
	volume={64},
	number={4},
	pages={263},
	year={2010}
}

@article{Griffiths2005,
	title={Impacts of human activities on marine animal life in the Benguela: a historical overview},
	author={Griffiths, Charles L and Van Sittert, L and Best, PB and Brown, AC and Clark, BM and Cook, PA and Crawford, RJM and David, JHM and Davies, BR and Griffiths, MH and others},
	journal={Oceanogr. Mar. Biol. Annu. Rev.},
	volume={42},
	pages={303--392},
	year={2005}
}

@article{Griffiths2011,
	title={Human activities as drivers of change on South African rocky shores},
	author={Griffiths, CL and Mead, A and Zietsman, L},
	journal={Observations on Environmental Change in South Africa, Sun Media, Stellenbosch, South Africa},
	pages={242--6},
	year={2011}
}

@article{Hutchings2009,
	title={The Benguela Current: An ecosystem of four components},
	author={Hutchings, L and Van der Lingen, CD and Shannon, LJ and Crawford, RJM and Verheye, HMS and Bartholomae, CH and Van der Plas, AK and Louw, D and Kreiner, A and Ostrowski, M and others},
	journal={Progress in Oceanography},
	volume={83},
	number={1-4},
	pages={15--32},
	year={2009},
	publisher={Elsevier}
}

@article{Mead2013,
	title={Human-mediated drivers of change—impacts on coastal ecosystems and marine biota of South Africa},
	author={Mead, A and Griffiths, CL and Branch, GM and McQuaid, CD and Blamey, LK and Bolton, JJ and Anderson, RJ and Dufois, F and Rouault, M and Froneman, PW and others},
	journal={African Journal of Marine Science},
	volume={35},
	number={3},
	pages={403--425},
	year={2013},
	publisher={Taylor \& Francis}
}

@article{Lutjeharms1988,
	title={Anomalous upstream retroflection in the Agulhas Current},
	author={Lutjeharms, JRE and Van Ballegooyen, RC},
	journal={Science},
	volume={240},
	number={4860},
	pages={1770},
	year={1988},
	publisher={The American Association for the Advancement of Science}
}

@phdthesis{Mead2011,
	title={Climate and Bioinvasives drivers of change on South African Rocky shores?},
	author={Mead, Angela},
	year={2011},
	school={University of Cape Town}
}

@article{Mead2013,
	title={Human-mediated drivers of change—impacts on coastal ecosystems and marine biota of South Africa},
	author={Mead, A and Griffiths, CL and Branch, GM and McQuaid, CD and Blamey, LK and Bolton, JJ and Anderson, RJ and Dufois, F and Rouault, M and Froneman, PW and others},
	journal={African Journal of Marine Science},
	volume={35},
	number={3},
	pages={403--425},
	year={2013},
	publisher={Taylor \& Francis}
}

@book{James2011,
	title={Insights into impacts of climate change on the South African marine and coastal environment},
	author={James, Nicola Caroline and Hermes, Juliet},
	year={2011},
	publisher={SAEON}
}

@article{Muller2009,
	title={Impact of oceanic warming on the distribution of seaweeds in polar and cold-temperate waters},
	author={M{\"u}ller, Ruth and Laepple, Thomas and Bartsch, Inka and Wiencke, Christian},
	journal={Botanica Marina},
	volume={52},
	number={6},
	pages={617--638},
	year={2009},
	publisher={Walter de Gruyter}
}

@article{Pearce2006,
	title={Nearshore sea temperature variability off Rottnest Island (Western Australia) derived from satellite data},
	author={Pearce, Alan and Faskel, Fabienne and Hyndes, Glenn},
	journal={International Journal of Remote Sensing},
	volume={27},
	number={12},
	pages={2503--2518},
	year={2006},
	publisher={Taylor \& Francis}
}

@article{Reason1999,
	title={Relationships between South African rainfall and SST anomalies in the southwest Indian Ocean},
	author={Reason, CJC and Mulenga, H},
	journal={International Journal of Climatology: A Journal of the Royal Meteorological Society},
	volume={19},
	number={15},
	pages={1651--1673},
	year={1999},
	publisher={Wiley Online Library}
}

@article{Rouault2009,
	title={Warming in the Agulhas Current system since the 1980's},
	author={Rouault, Mathieu and Penven, Pierrick and Pohl, Benjamin},
	journal={Geophysical Research Letters},
	volume={36},
	number={12},
	year={2009},
	publisher={Wiley Online Library}
}

@article{Rouault2010,
	title={Mapping the Agulhas Current from space: An assessment of ASAR surface current velocities},
	author={Rouault, Marjolaine J and Mouche, Alexis and Collard, Fabrice and Johannessen, JA and Chapron, Bertrand},
	journal={Journal of Geophysical Research: Oceans},
	volume={115},
	number={C10},
	year={2010},
	publisher={Wiley Online Library}
}

@article{Schlegel2017predominant,
	title={Predominant atmospheric and oceanic patterns during coastal marine heatwaves},
	author={Schlegel, Robert W and Oliver, Eric CJ and Perkins-Kirkpatrick, Sarah and Kruger, Andries and Smit, Albertus J},
	journal={Frontiers in Marine Science},
	volume={4},
	pages={323},
	year={2017},
	publisher={Frontiers}
}

@article{Smale2009,
	title={Satellite-derived SST data as a proxy for water temperature in nearshore benthic ecology},
	author={Smale, Dan A and Wernberg, Thomas},
	journal={Marine Ecology Progress Series},
	volume={387},
	pages={27--37},
	year={2009}
}

@article{Smit2013,
	title={A coastal seawater temperature dataset for biogeographical studies: large biases between in situ and remotely-sensed data sets around the coast of South Africa},
	author={Smit, Albertus J and Roberts, Michael and Anderson, Robert J and Dufois, Francois and Dudley, Sheldon FJ and Bornman, Thomas G and Olbers, Jennifer and Bolton, John J},
	journal={PLoS One},
	volume={8},
	number={12},
	pages={e81944},
	year={2013},
	publisher={Public Library of Science}
}

@article{Sink2012,
	title={National biodiversity assessment 2011: marine and coastal component report},
	author={Sink, K and Holness, S and Harris, L and Majiedt, P and Atkinson, L and Robinson, T and Kirkman, S and Hutchings, L and Leslie, R and Lamberth, S and others},
	journal={Pretoria: South African National Biodiversity Institute},
	volume={322},
	year={2012}
}

@article{Walker1990,
	title={Links between South African summer rainfall and temperature variability of the Agulhas and Benguela Current systems},
	author={Walker, ND},
	journal={Journal of Geophysical Research: Oceans},
	volume={95},
	number={C3},
	pages={3297--3319},
	year={1990},
	publisher={Wiley Online Library}
}

@article{Wernberg2010,
	title={Decreasing resilience of kelp beds along a latitudinal temperature gradient: potential implications for a warmer future},
	author={Wernberg, Thomas and Thomsen, Mads S and Tuya, Fernando and Kendrick, Gary A and Staehr, Peter A and Toohey, Benjamin D},
	journal={Ecology letters},
	volume={13},
	number={6},
	pages={685--694},
	year={2010},
	publisher={Wiley Online Library}
}

@article{Wernberg2011,
	title={Impacts of climate change in a global hotspot for temperate marine biodiversity and ocean warming},
	author={Wernberg, Thomas and Russell, Bayden D and Moore, Pippa J and Ling, Scott D and Smale, Daniel A and Campbell, Alex and Coleman, Melinda A and Steinberg, Peter D and Kendrick, Gary A and Connell, Sean D},
	journal={Journal of experimental marine biology and ecology},
	volume={400},
	number={1-2},
	pages={7--16},
	year={2011},
	publisher={Elsevier}
}

@article{Wethey2011,
	title={Response of intertidal populations to climate: effects of extreme events versus long term change},
	author={Wethey, David S and Woodin, Sarah A and Hilbish, Thomas J and Jones, Sierra J and Lima, Fernando P and Brannock, Pamela M},
	journal={Journal of Experimental Marine Biology and Ecology},
	volume={400},
	number={1-2},
	pages={132--144},
	year={2011},
	publisher={Elsevier}
}

@article{Zainuddin2006,
	title={Using multi-sensor satellite remote sensing and catch data to detect ocean hot spots for albacore (Thunnus alalunga) in the northwestern North Pacific},
	author={Zainuddin, Mukti and Kiyofuji, Hidetada and Saitoh, Katsuya and Saitoh, Sei-Ichi},
	journal={Deep Sea Research Part II: Topical Studies in Oceanography},
	volume={53},
	number={3-4},
	pages={419--431},
	year={2006},
	publisher={Elsevier}
}

@article{Hoek1982,
	title={The distribution of benthic marine algae in relation to the temperature regulation of their life histories},
	author={Hoek, C van den},
	journal={Biological journal of the Linnean Society},
	volume={18},
	number={2},
	pages={81--144},
	year={1982},
	publisher={Wiley Online Library}
}

@incollection{Bartsch2012,
	title={Global seaweed biogeography under a changing climate: the prospected effects of temperature},
	author={Bartsch, Inka and Wiencke, Christian and Laepple, Thomas},
	booktitle={Seaweed biology},
	pages={383--406},
	year={2012},
	publisher={Springer}
}


@article{Beal2011,
	title={On the role of the Agulhas system in ocean circulation and climate},
	author={Beal, Lisa M and De Ruijter, Wilhelmus PM and Biastoch, Arne and Zahn, Rainer and Cronin, Meghan and Hermes, Juliet and Lutjeharms, Johann and Quartly, Graham and Tozuka, Tomoki and Baker-Yeboah, Sheekela and others},
	journal={Nature},
	volume={472},
	number={7344},
	pages={429},
	year={2011},
	publisher={Nature Publishing Group}
}

@article{Bolton2004,
	title={Where is the western limit of the tropical Indian Ocean seaweed flora? An analysis of intertidal seaweed biogeography on the east coast of South Africa},
	author={Bolton, JJ and Leliaert, Fr{\'e}d{\'e}rik and De Clerck, Olivier and Anderson, RJ and Stegenga, H and Engledow, HE and Coppejans, Eric},
	journal={Marine biology},
	volume={144},
	number={1},
	pages={51--59},
	year={2004},
	publisher={Springer}
}

@article{Bolton2010,
	title={The biogeography of kelps (Laminariales, Phaeophyceae): a global analysis with new insights from recent advances in molecular phylogenetics},
	author={Bolton, John J},
	journal={Helgoland Marine Research},
	volume={64},
	number={4},
	pages={263},
	year={2010}
}


@article{Griffiths2005,
	title={Impacts of human activities on marine animal life in the Benguela: a historical overview},
	author={Griffiths, Charles L and Van Sittert, L and Best, PB and Brown, AC and Clark, BM and Cook, PA and Crawford, RJM and David, JHM and Davies, BR and Griffiths, MH and others},
	journal={Oceanogr. Mar. Biol. Annu. Rev.},
	volume={42},
	pages={303--392},
	year={2005}
}

@article{Griffiths2011,
	title={Human activities as drivers of change on South African rocky shores},
	author={Griffiths, CL and Mead, A and Zietsman, L},
	journal={Observations on Environmental Change in South Africa, Sun Media, Stellenbosch, South Africa},
	pages={242--6},
	year={2011}
}

@article{Hutchings2009,
	title={The Benguela Current: An ecosystem of four components},
	author={Hutchings, L and Van der Lingen, CD and Shannon, LJ and Crawford, RJM and Verheye, HMS and Bartholomae, CH and Van der Plas, AK and Louw, D and Kreiner, A and Ostrowski, M and others},
	journal={Progress in Oceanography},
	volume={83},
	number={1-4},
	pages={15--32},
	year={2009},
	publisher={Elsevier}
}

@article{Mead2013,
	title={Human-mediated drivers of change—impacts on coastal ecosystems and marine biota of South Africa},
	author={Mead, A and Griffiths, CL and Branch, GM and McQuaid, CD and Blamey, LK and Bolton, JJ and Anderson, RJ and Dufois, F and Rouault, M and Froneman, PW and others},
	journal={African Journal of Marine Science},
	volume={35},
	number={3},
	pages={403--425},
	year={2013},
	publisher={Taylor \& Francis}
}

@article{Lutjeharms1988,
	title={Anomalous upstream retroflection in the Agulhas Current},
	author={Lutjeharms, JRE and Van Ballegooyen, RC},
	journal={Science},
	volume={240},
	number={4860},
	pages={1770},
	year={1988},
	publisher={The American Association for the Advancement of Science}
}

@phdthesis{Mead2011,
	title={Climate and Bioinvasives drivers of change on South African Rocky shores?},
	author={Mead, Angela},
	year={2011},
	school={University of Cape Town}
}

@article{Mead2013,
	title={Human-mediated drivers of change—impacts on coastal ecosystems and marine biota of South Africa},
	author={Mead, A and Griffiths, CL and Branch, GM and McQuaid, CD and Blamey, LK and Bolton, JJ and Anderson, RJ and Dufois, F and Rouault, M and Froneman, PW and others},
	journal={African Journal of Marine Science},
	volume={35},
	number={3},
	pages={403--425},
	year={2013},
	publisher={Taylor \& Francis}
}

@book{James2011,
	title={Insights into impacts of climate change on the South African marine and coastal environment},
	author={James, Nicola Caroline and Hermes, Juliet},
	year={2011},
	publisher={SAEON}
}

@article{Muller2009,
	title={Impact of oceanic warming on the distribution of seaweeds in polar and cold-temperate waters},
	author={M{\"u}ller, Ruth and Laepple, Thomas and Bartsch, Inka and Wiencke, Christian},
	journal={Botanica Marina},
	volume={52},
	number={6},
	pages={617--638},
	year={2009},
	publisher={Walter de Gruyter}
}

@article{Pearce2006,
	title={Nearshore sea temperature variability off Rottnest Island (Western Australia) derived from satellite data},
	author={Pearce, Alan and Faskel, Fabienne and Hyndes, Glenn},
	journal={International Journal of Remote Sensing},
	volume={27},
	number={12},
	pages={2503--2518},
	year={2006},
	publisher={Taylor \& Francis}
}

@article{Reason1999,
	title={Relationships between South African rainfall and SST anomalies in the southwest Indian Ocean},
	author={Reason, CJC and Mulenga, H},
	journal={International Journal of Climatology: A Journal of the Royal Meteorological Society},
	volume={19},
	number={15},
	pages={1651--1673},
	year={1999},
	publisher={Wiley Online Library}
}

@article{Rouault2009,
	title={Warming in the Agulhas Current system since the 1980's},
	author={Rouault, Mathieu and Penven, Pierrick and Pohl, Benjamin},
	journal={Geophysical Research Letters},
	volume={36},
	number={12},
	year={2009},
	publisher={Wiley Online Library}
}

@article{Rouault2010,
	title={Mapping the Agulhas Current from space: An assessment of ASAR surface current velocities},
	author={Rouault, Marjolaine J and Mouche, Alexis and Collard, Fabrice and Johannessen, JA and Chapron, Bertrand},
	journal={Journal of Geophysical Research: Oceans},
	volume={115},
	number={C10},
	year={2010},
	publisher={Wiley Online Library}
}

@article{Schlegel2017,
	title={Predominant atmospheric and oceanic patterns during coastal marine heatwaves},
	author={Schlegel, Robert W and Oliver, Eric CJ and Perkins-Kirkpatrick, Sarah and Kruger, Andries and Smit, Albertus J},
	journal={Frontiers in Marine Science},
	volume={4},
	pages={323},
	year={2017},
	publisher={Frontiers}
}

@article{Smale2009,
	title={Satellite-derived SST data as a proxy for water temperature in nearshore benthic ecology},
	author={Smale, Dan A and Wernberg, Thomas},
	journal={Marine Ecology Progress Series},
	volume={387},
	pages={27--37},
	year={2009}
}

@article{Smit2013,
	title={A coastal seawater temperature dataset for biogeographical studies: large biases between in situ and remotely-sensed data sets around the coast of South Africa},
	author={Smit, Albertus J and Roberts, Michael and Anderson, Robert J and Dufois, Francois and Dudley, Sheldon FJ and Bornman, Thomas G and Olbers, Jennifer and Bolton, John J},
	journal={PLoS One},
	volume={8},
	number={12},
	pages={e81944},
	year={2013},
	publisher={Public Library of Science}
}

@article{Sink2012,
	title={National biodiversity assessment 2011: marine and coastal component report},
	author={Sink, K and Holness, S and Harris, L and Majiedt, P and Atkinson, L and Robinson, T and Kirkman, S and Hutchings, L and Leslie, R and Lamberth, S and others},
	journal={Pretoria: South African National Biodiversity Institute},
	volume={322},
	year={2012}
}

@article{Walker1990,
	title={Links between South African summer rainfall and temperature variability of the Agulhas and Benguela Current systems},
	author={Walker, ND},
	journal={Journal of Geophysical Research: Oceans},
	volume={95},
	number={C3},
	pages={3297--3319},
	year={1990},
	publisher={Wiley Online Library}
}

@article{Wernberg2010,
	title={Decreasing resilience of kelp beds along a latitudinal temperature gradient: potential implications for a warmer future},
	author={Wernberg, Thomas and Thomsen, Mads S and Tuya, Fernando and Kendrick, Gary A and Staehr, Peter A and Toohey, Benjamin D},
	journal={Ecology letters},
	volume={13},
	number={6},
	pages={685--694},
	year={2010},
	publisher={Wiley Online Library}
}

@article{Wernberg2011,
	title={Impacts of climate change in a global hotspot for temperate marine biodiversity and ocean warming},
	author={Wernberg, Thomas and Russell, Bayden D and Moore, Pippa J and Ling, Scott D and Smale, Daniel A and Campbell, Alex and Coleman, Melinda A and Steinberg, Peter D and Kendrick, Gary A and Connell, Sean D},
	journal={Journal of experimental marine biology and ecology},
	volume={400},
	number={1-2},
	pages={7--16},
	year={2011},
	publisher={Elsevier}
}

@article{Wethey2011,
	title={Response of intertidal populations to climate: effects of extreme events versus long term change},
	author={Wethey, David S and Woodin, Sarah A and Hilbish, Thomas J and Jones, Sierra J and Lima, Fernando P and Brannock, Pamela M},
	journal={Journal of Experimental Marine Biology and Ecology},
	volume={400},
	number={1-2},
	pages={132--144},
	year={2011},
	publisher={Elsevier}
}

@article{Zainuddin2006,
	title={Using multi-sensor satellite remote sensing and catch data to detect ocean hot spots for albacore (Thunnus alalunga) in the northwestern North Pacific},
	author={Zainuddin, Mukti and Kiyofuji, Hidetada and Saitoh, Katsuya and Saitoh, Sei-Ichi},
	journal={Deep Sea Research Part II: Topical Studies in Oceanography},
	volume={53},
	number={3-4},
	pages={419--431},
	year={2006},
	publisher={Elsevier}
}

@article{Hoek1982,
	title={The distribution of benthic marine algae in relation to the temperature regulation of their life histories},
	author={Hoek, C van den},
	journal={Biological journal of the Linnean Society},
	volume={18},
	number={2},
	pages={81--144},
	year={1982},
	publisher={Wiley Online Library}
}

@article{Breeman1988,
	title={Relative importance of temperature and other factors in determining geographic boundaries of seaweeds: experimental and phenological evidence},
	author={Breeman, AM},
	journal={Helgol{\"a}nder Meeresuntersuchungen},
	volume={42},
	number={2},
	pages={199},
	year={1988}
}

@article{Broitman2008,
	title={Spatial and temporal patterns of invertebrate recruitment along the west coast of the United States},
	author={Broitman, BR and Blanchette, CA and Menge, BA and Lubchenco, J and Krenz, C and Foley, M and Raimondi, PT and Lohse, D and Gaines, SD},
	journal={Ecological Monographs},
	volume={78},
	number={3},
	pages={403--421},
	year={2008},
	publisher={Wiley Online Library}
}

@article{Byrne2009,
	title={Temperature, but not pH, compromises sea urchin fertilization and early development under near-future climate change scenarios},
	author={Byrne, Maria and Ho, Melanie and Selvakumaraswamy, Paulina and Nguyen, Hong D and Dworjanyn, Symon A and Davis, Andy R},
	journal={Proceedings of the Royal Society of London B: Biological Sciences},
	volume={276},
	number={1663},
	pages={1883--1888},
	year={2009},
	publisher={The Royal Society}
}

@article{Lutjeharms2000,
	title={Upwelling at the inshore edge of the Agulhas Current},
	author={Lutjeharms, JRE and Cooper, J and Roberts, M},
	journal={Continental Shelf Research},
	volume={20},
	number={7},
	pages={737--761},
	year={2000},
	publisher={Elsevier}
}

@book{Luning1990,
	title={Seaweeds: their environment, biogeography, and ecophysiology},
	author={L{\"u}ning, Klaus},
	year={1990},
	publisher={John Wiley \& Sons}
}

@article{Fewings2011,
	title={Summertime cooling of the shallow continental shelf},
	author={Fewings, Melanie R and Lentz, Steven J},
	journal={Journal of Geophysical Research: Oceans},
	volume={116},
	number={C7},
	year={2011},
	publisher={Wiley Online Library}
}

@article{Davis2011,
	title={Observations of the thermal environment on Red Sea platform reefs: a heat budget analysis},
	author={Davis, KA and Lentz, SJ and Pineda, J and Farrar, JT and Starczak, VR and Churchill, JH},
	journal={Coral Reefs},
	volume={30},
	number={1},
	pages={25--36},
	year={2011},
	publisher={Springer}
}

@article{Woodson2007,
	title={Local diurnal upwelling driven by sea breezes in northern Monterey Bay},
	author={Woodson, CB and Eerkes-Medrano, DI and Flores-Morales, A and Foley, MM and Henkel, SK and Hessing-Lewis, M and Jacinto, D and Needles, L and Nishizaki, MT and O’Leary, J and others},
	journal={Continental Shelf Research},
	volume={27},
	number={18},
	pages={2289--2302},
	year={2007},
	publisher={Elsevier}
}

@article{Sinnett2014,
	title={The surf zone heat budget: The effect of wave heating},
	author={Sinnett, Gregory and Feddersen, Falk},
	journal={Geophysical Research Letters},
	volume={41},
	number={20},
	pages={7217--7226},
	year={2014},
	publisher={Wiley Online Library}
}

@article{Booij1999,
	title={A third-generation wave model for coastal regions: 1. Model description and validation},
	author={Booij, NRRC and Ris, RC and Holthuijsen, Leo H},
	journal={Journal of geophysical research: Oceans},
	volume={104},
	number={C4},
	pages={7649--7666},
	year={1999},
	publisher={Wiley Online Library}
}

@article{Thomas2015,
	title={Numerical wave modelling--A review},
	author={Thomas, T Justin and Dwarakish, GS},
	journal={Aquatic Procedia},
	volume={4},
	pages={443--448},
	year={2015},
	publisher={Elsevier}
}

@article{Joubert2013,
	title={Wave energy converters (WECs)},
	author={Joubert, JR and van Niekerk, JL and Reinecke, J and Meyer, I},
	journal={Centre for Renewable and Sustainable Energy Studies, Centre for Renewable and Sustainable Energy Studies, Faculty of Engineering},
	year={2013}
}

@article{Schlegel2016,
	title={Climate change in coastal waters: time series properties affecting trend estimation},
	author={Schlegel, Robert W and Smit, Albertus J},
	journal={Journal of Climate},
	volume={29},
	number={24},
	pages={9113--9124},
	year={2016}
}

@article{Castillo2010,
	title={Comparison of in situ and satellite-derived (MODIS-Aqua/Terra) methods for assessing temperatures on coral reefs},
	author={Castillo, Karl D and Lima, Fernando P},
	journal={Limnology and Oceanography: Methods},
	volume={8},
	number={3},
	pages={107--117},
	year={2010},
	publisher={Wiley Online Library}
}

@article{Blamey2009,
	title={Habitat diversity relative to wave action on rocky shores: implications for the selection of marine protected areas},
	author={Blamey, Laura K and Branch, George M},
	journal={Aquatic Conservation: Marine and Freshwater Ecosystems},
	volume={19},
	number={6},
	pages={645--657},
	year={2009},
	publisher={Wiley Online Library}
}

@incollection{Griffiths2011,
	title={The alien and cryptogenic marine crustaceans of South Africa},
	author={Griffiths, Charles and Robinson, Tamara and Mead, Angela},
	booktitle={In the Wrong Place-Alien Marine Crustaceans: Distribution, Biology and Impacts},
	pages={269--282},
	year={2011},
	publisher={Springer}
}

@article{Smit2017,
	title={Seaweeds in two oceans: beta-diversity},
	author={Smit, Albertus J and Bolton, John J and Anderson, Robert J},
	journal={Frontiers in Marine Science},
	volume={4},
	pages={404},
	year={2017},
	publisher={Frontiers}
}

@article{Tapia2014,
	title={Latitudinal discontinuity in thermal conditions along the nearshore of central-northern Chile},
	author={Tapia, Fabian J and Largier, John L and Castillo, Manuel and Wieters, Evie A and Navarrete, Sergio A},
	journal={PLoS One},
	volume={9},
	number={10},
	pages={e110841},
	year={2014},
	publisher={Public Library of Science}
}

@article{Lee2018,
	title={Assessing the use of area-and time-averaging based on known de-correlation scales to provide satellite derived sea surface temperatures in coastal areas},
	author={Lee, Kate Asha and Roughan, Moninya and Malcolm, Hamish and Otway, Nicholas},
	journal={Frontiers in Marine Science},
	volume={5},
	pages={261},
	year={2018},
	publisher={Frontiers}
}

@book{Stocker2014,
	title={Climate change 2013: the physical science basis: Working Group I contribution to the Fifth assessment report of the Intergovernmental Panel on Climate Change},
	author={Stocker, Thomas},
	year={2014},
	publisher={Cambridge University Press}
}

@article{Easterling2000,
	title={Climate extremes: observations, modeling, and impacts},
	author={Easterling, David R and Meehl, Gerald A and Parmesan, Camille and Changnon, Stanley A and Karl, Thomas R and Mearns, Linda O},
	journal={science},
	volume={289},
	number={5487},
	pages={2068--2074},
	year={2000},
	publisher={American Association for the Advancement of Science}
}

@article{Perkins2013,
	title={On the measurement of heat waves},
	author={Perkins, SE and Alexander, LV},
	journal={Journal of Climate},
	volume={26},
	number={13},
	pages={4500--4517},
	year={2013}
}

@article{Meehl2004,
	title={More intense, more frequent, and longer lasting heat waves in the 21st century},
	author={Meehl, Gerald A and Tebaldi, Claudia},
	journal={Science},
	volume={305},
	number={5686},
	pages={994--997},
	year={2004},
	publisher={American Association for the Advancement of Science}
}

@article{Blamey2009,
	title={Habitat diversity relative to wave action on rocky shores: implications for the selection of marine protected areas},
	author={Blamey, Laura K and Branch, George M},
	journal={Aquatic Conservation: Marine and Freshwater Ecosystems},
	volume={19},
	number={6},
	pages={645--657},
	year={2009},
	publisher={Wiley Online Library}
}

@misc{multi-scale ultra-high resolution (mur) sea surface temperature (sst) analysis | po.daac_2018,[break] url={https://podaac.jpl.nasa.gov/Multi-scale_Ultra-high_Resolution_MUR-SST},[break] journal={Podaac.jpl.nasa.gov},[break] year={2018}
}

@misc{(ncei)_2018,[break] title={K10 Global 10km Analyzed SST data set for 2011-09-30 (NODC Accession 0084250)},[break] url={https://data.nodc.noaa.gov/cgi-bin/iso?id=gov.noaa.nodc:0084250},[break] journal={Data.nodc.noaa.gov},[break] author={(NCEI), National},[break] year={2018}
}

@misc{canada_2018,[break] title={Meteorological research and development - Canada.ca},[break] url={https://www.canada.ca/en/environment-climate-change/services/weather-resource-centre/meteorological-research-development.html},[break] journal={Canada.ca},[break] author={Canada, Environment},[break] year={2018}
}

@article{Cooper2001,
	title={Geomorphological variability among microtidal estuaries from the wave-dominated South African coast},
	author={Cooper, JAG},
	journal={Geomorphology},
	volume={40},
	number={1-2},
	pages={99--122},
	year={2001},
	publisher={Elsevier}
}

@article{Wright1993,
	title={Management and sediment dynamics of the St. Lucia estuary mouth, Zululand, South Africa},
	author={Wright, CI and Mason, TR},
	journal={Environmental Geology},
	volume={22},
	number={3},
	pages={227--241},
	year={1993},
	publisher={Springer}
}

@article{Kudryavtsev1990,
	title={Slippery near-surface layer of the ocean arising due to daytime solar heating},
	author={Kudryavtsev, Vladimir N and Soloviev, Alexander V},
	journal={Journal of Physical Oceanography},
	volume={20},
	number={5},
	pages={617--628},
	year={1990}
}

@article{Kaimal1972,
	title={Spectral characteristics of surface-layer turbulence},
	author={Kaimal, J Cꎬ and Wyngaard, JCJ and Izumi, Yꎬ and Cot{\'e}, OR},
	journal={Quarterly Journal of the Royal Meteorological Society},
	volume={98},
	number={417},
	pages={563--589},
	year={1972},
	publisher={Wiley Online Library}
}

@article{Gentemann2009,
	title={Profiles of ocean surface heating (POSH): A new model of upper ocean diurnal warming},
	author={Gentemann, Chelle L and Minnett, Peter J and Ward, Brian},
	journal={Journal of Geophysical Research: Oceans},
	volume={114},
	number={C7},
	year={2009},
	publisher={Wiley Online Library}
}

@article{Wunsch2004,
	title={Vertical mixing, energy, and the general circulation of the oceans},
	author={Wunsch, Carl and Ferrari, Raffaele},
	journal={Annu. Rev. Fluid Mech.},
	volume={36},
	pages={281--314},
	year={2004},
	publisher={Annual Reviews}
}

@article{Leichter1996,
	title={Pulsed delivery of subthermocline water to Conch Reef (Florida Keys) by internal tidal bores},
	author={Leichter, James J and Wing, Stephen R and Miller, Steven L and Denny, Mark W},
	journal={Limnology and Oceanography},
	volume={41},
	number={7},
	pages={1490--1501},
	year={1996},
	publisher={Wiley Online Library}
}

@article{Baines1986,
	title={Internal tides, internal waves and near-inertial motions},
	author={Baines, Peter G},
	journal={Baroclinic processes on continental shelves},
	volume={3},
	pages={19--31},
	year={1986},
	publisher={Wiley Online Library}
}

@article{Pineda1991,
	title={Predictable upwelling and the shoreward transport of planktonic larvae by internal tidal bores},
	author={Pineda, Jesus},
	journal={Science},
	volume={253},
	number={5019},
	pages={548--549},
	year={1991},
	publisher={American Association for the Advancement of Science}
}

@incollection{Shannon2006,
	title={1 A plan comes together},
	author={Shannon, Vere},
	booktitle={Large Marine Ecosystems},
	volume={14},
	pages={3--10},
	year={2006},
	publisher={Elsevier}
}
